@book{semiconductors,
	title = {Semiconductors for Room Temperature Nuclear Detector Applications},
	author = {Albert Beer 
		and Robert Willardson 
		and Eicke Weber},
	year = {1995},
	publisher = {Academic Press},
	address = {San Diego, California},
	isbn = {0-12-752143-7},
	page = {595},
	Volume = {43},
	langid    = {english}
}

@mastersthesis{JirkaBurianBc,
	author = {Jiří Burian},
	title = {Charakterizace neutronového AMBE zdroje pomocí prahových aktivačních detektorů},
	type = {bakalářská práce},
	school ={Ústav elektroenergeriky Fakulty elektrotechniky a komunikačních technologií VUT v Brně},
	year = {2019},
	supervisor = {Dušan Král},
	address = {Technická 12, Brno},
	urldate = {2022-04-25},
	url = {https://www.vut.cz/www_base/zav_prace_soubor_verejne.php?file_id=195526}
}

@article{hpge-detector_fabrication,
	title={High-purity germanium: Detector fabrication and performance},
	author={Pehl, Richard H and Cordi, Richard C and Goulding, Fred S},
	journal={IEEE Transactions on Nuclear Science},
	volume={19},
	number={1},
	pages={265--269},
	year={1972},
	publisher={IEEE},
	langid    = {english}
}

@book{Knoll2010,
	title     = "Radiation Detection and Measurement",
	author    = "Knoll, Glenn F",
	publisher = "John Wiley \& Sons",
	edition   =  4,
	month     =  aug,
	year      =  2010,
	address   = "Chichester, England",
	language  = "en",
	langid    = {english},
	isbn	  = {978-0-470-13148-0}
}

@book{Zlin2010,
	isbn = {978-80-7454-096-7},
	author = {František Hru\v{s}ka}, 
	title = {SENZORY},
	subtitle = {Fyzikální principy, úpravy signálů, praktické použití},
	location  = {Zlín},
	publisher = {Univerzita Tomáše Bati ve Zlíně},
	date      = {2010},
	pagetotal = {202},
}

@online{libretext_pair,
	author = {Paul D'alessandris},
	title = {Pair Production},
	date =  {2021-02-05},
	urldate = {2022-04-25},
	url = {https://phys.libretexts.org/@go/page/10492}
}

@online{comprarsion,
	author = {Nick Connor},
	title =  {What is Advantage and Disadvantage of Germanium~Detectors},
	date = {2019-12-14},
	urldate = {2022-04-25},
	url = {https://www.radiation-dosimetry.org/what-is-advantage-and-disadvantage-of-germanium-detectors-definition/}
}

@online{astrnukleofyzika,
	author = {Vojtěch Ullmann},
	title =  {Detekce a spektrometrická analýza fotonového a korpuskulárního záření pro výzkum, technologické aplikace a medicínu},
	urldate = {2022-04-25},
	url = {https://astronuklfyzika.cz/DetekceSpektrometrie.htm}
}

@online{nuclear_power-gama_radiation,
	author = {{Nuclear Power}},
	title =  {Interaction of Gamma Radiation with Matter},
	urldate = {2022-04-25},
	url = {https://www.nuclear-power.com/nuclear-power/reactor-physics/interaction-radiation-matter/interaction-gamma-radiation-matter}
}

@online{nuclear_power-hpge,
	author = {{Nuclear Power}},
	title =  {Principle of Operation of HPGe Detectors},
	urldate = {2022-04-25},
	url = {https://www.nuclear-power.com/nuclear-engineering/radiation-detection/semiconductor-detectors/high-purity-germanium-detectors-hpge/principle-of-operation-of-hpge-detectors}
}

@unpublished{VUT,
	title = {Jaderně energetická zařízení - Laboratorní cvičení},
	location  = {Brno},
	publisher = {FAKULTA ELEKTROTECHNIKY A KOMUNIKAČNÍCH TECHNOLOGIÍ	VYSOKÉ UČENÍ TECHNICKÉ V BRNĚ},
	date = {2021},
	pagetotal = {34}
}

@misc{robert_macku,
	author = {Robert Macků},
	title = {Meze klasické fyziky, fotoelektrický jev, Comptonův posuv, dualismus vlna-částice, vlnová funkce},
	date = {2021-10-10},
	howpublished = {přednáška},
	location = {FAKULTA ELEKTROTECHNIKY A KOMUNIKAČNÍCH TECHNOLOGIÍ VYSOKÉ UČENÍ TECHNICKÉ V BRNĚ}
}

@techreport{isotopeIdent,
	title={Why high-purity germanium (HPGe) radiation detection technology is superior to other detector technologies for isotope identification},
	author={Hitch, JSS and Keyser, R and Twomey, T},
	year={2006},
	institution={tech. rep., Ortec},
	urldate = {2022-04-25},
	url = {https://www.ortec-online.com/-/media/ametekortec/technical%20papers/homeland%20security%20applications%20and%20chemical%20weapons%20assay%20pins/whyhighpuritygermaniumhpgeradiationdetectiontechnologysuperiorotherdetectortechnologiesisotopeidentification.pdf?la=e}
}

@COMMENT 
	\bibitem{stellarnet-fwhm}  What is Full Width at Half Maximum (FWHM)? [online], StellarNet, Inc., \citovano  Dostupné z: \url{https://www.stellarnet.us/what-is-full-width-at-half-maximum-fwhm/} %najit jinej zdroj :)
	
@book{Scintilators,
	title={The Theory and Practice of Scintillation Counting: International Series of Monographs in Electronics and Instrumentation},
	author={Birks, J. B.},
	editor={Fry, D. W. and Costrell, L. and Kandiah, K.},
	publisher={Pergamon},
	edition = 1,
	year = {1964},
	langid={english},
	isbn = {9781483156064}
}

@book{Radioactivity,
	title =     {Radioactivity: Introduction and History},
	author =    {Michael F. L'Annunziata},
	publisher = {Elsevier Science},
	isbn =      {978-0-444-52715-8},
	year =      {2007},
	series =    {},
	edition =   {1},
	volume =    {},
	url =       {http://gen.lib.rus.ec/book/index.php?md5=a9cc1b463678e32aa495b1e65089dad9}
}